@comment{x-kbibtex-personnameformatting=<%l><, %f>}

@article{New1,
	author = "fer",
	booktitle = "toto",
	editor = "verzvz",
	series = "123",
	title = "test"
}

@unpublished{New2
}

